@comment{x-kbibtex-encoding=windows-1251}

@comment{x-kbibtex-personnameformatting=<%l><, %f>}

@book{Sanders-CUDA,
	address = "М.",
	author = "Сандерс, Джейсон and Кэндрот, Эдвард",
	language = "russian",
	pages = "232",
	publisher = "ДМК-Пресс",
	title = "{Технология CUDA в примерах. Введение в программирование графических процессоров}",
	year = "2011"
}

@inproceedings{MIPT-54,
	address = "Москва-Долгопрудный-Жуковский",
	author = "Морозов, Д. Н. and Люпа, А. А.",
	journal = "Труды 54-й научной конференции МФТИ",
	language = "russian",
	number = "2",
	pages = "18–19",
	publisher = "МФТИ",
	title = "{Решение задач фильтрации на гибридных суперкомпьютерах}",
	volume = "Управление и прикладная математика",
	year = "2011"
}

@book{Kanevskaya,
	address = "Москва-Ижевск",
	author = "Каневская, Р. Д.",
	language = "russian",
	pages = "127",
	publisher = "Институт компьютерных исследований",
	title = "{Математическое моделирование гидродинамических процессов разработки месторождений углеводородов}",
	year = "2003"
}

@book{Masket,
	address = "Москва-Ижевск",
	author = "Маскет, М.",
	language = "russian",
	pages = "606",
	publisher = "Институт компьютерных исследований",
	title = "{Физические основы технологии добычи нефти}",
	year = "2004"
}

@book{Chetverushkin,
	address = "М.",
	author = "Четверушкин, Б. Н.",
	language = "russian",
	publisher = "Макс-пресс",
	title = "{Кинетические схемы и квазигазодинамическая система уравнений}",
	year = "2004"
}

@book{Aziz-Settari,
	address = "М.",
	author = "Азиз, Х. and Сеттари, Э.",
	language = "russian",
	publisher = "Недра",
	title = "{Математическое моделированиеелирование пластовых систем}",
	year = "1982"
}

@book{Samarskiy,
	address = "М.",
	author = "Самарский, А. А.",
	language = "russian",
	publisher = "Наука",
	title = "{Теория разностных схем}",
	year = "1977"
}

@book{Bahvalov,
	address = "М.",
	author = "Бахвалов, Н. С. and Панасенко, Г. П.",
	language = "russian",
	pages = "352",
	publisher = "Наука",
	title = "{Осреднение процессов в периодических средах}",
	year = "1984"
}

@book{Basniev,
	address = "М.",
	author = "Басниев, К. С. and Кочина, И. Н. and Максимов, В. М.",
	language = "russian",
	publisher = "Недра",
	title = "{Подземная гидромеханика}",
	year = "1993"
}

@article{Trapeznikova,
	author = "Трапезникова, М. А. and Белоцерковская, М. С. and Четверушкин, Б. Н.",
	journal = "Математическое моделирование",
	language = "russian",
	number = "10",
	pages = "69–78",
	title = "{Аналог кинетически-согласованных схем для моделирования задач фильтрации}",
	volume = "14",
	year = "2002"
}

@article{Chetverushkin-MSS,
	author = "Четверушкин, Б. Н.",
	journal = "Время, хаос, математические проблемы",
	language = "russian",
	pages = "75–96",
	publisher = "Издательство МГУ",
	title = "{К вопросу об ограничении снизу на масштабы в механике сплошной среды}",
	volume = "4",
	year = "2009"
}

@article{Chetverushkin-Barselona,
	author = "Chetverushkin, B. N.",
	journal = "CIMNE, Barselona",
	pages = "298",
	title = "{Kinetic-schemes and quasi-gasadynamic system of equation}",
	year = "2008"
}

@book{Boreskov,
	address = "М.",
	author = "Боресков, А.В. and Харламов, А.А.",
	pages = "232",
	publisher = "ДМК-Пресс",
	title = "{Основы работы с технологией CUDA}",
	year = "2010"
}

@book{Kalitkin,
	address = "М.",
	author = "Калиткин, Н. Н.",
	language = "russian",
	publisher = "Наука",
	title = "{Численные методы}",
	year = "1978"
}

@article{Parker,
	author = "Parker, J. C. and Lenhard, R.J. and Kuppusami, T.",
	journal = "Water Resources Research
",
	number = "4",
	pages = "618-624",
	title = "{A parametric model for constitutive properties governing multiphase flow in porous media }",
	volume = "23",
	year = "1987"
}

@article{Genuchten,
	author = "{Van Genuchten}, M. T.",
	journal = "Soil Sci. Soc. Am. J.
",
	pages = "892–898",
	title = "{A closed-form equation for predicting the hydraulic conductivity of unsatu-
rated soils
}",
	volume = "44",
	year = "1980"
}

@article{Isupov,
	author = "Исупов, Н.В. and Трапезникова, М. А. and Чурбанова, Н. Г. and Шильников, Е. В.",
	journal = "Математическое моделирование",
	language = "russian",
	number = "6",
	pages = "84–98",
	title = "{Моделирование просачивания многофазных жидкостей в слоистой пористой среде}",
	volume = "22",
	year = "2010"
}

