@comment{x-kbibtex-encoding=utf-8}

@comment{x-kbibtex-personnameformatting=<%l><, %f>}

@book{Sanders-CUDA,
	address = "М.",
	author = "Сандерс, Д. and Кэндрот, Э.",
	language = "russian",
	pages = "232",
	publisher = "ДМК-Пресс",
	title = "{Технология CUDA в примерах. Введение в программирование графических процессоров}",
	year = "2011"
}

@inproceedings{MIPT-54,
	address = "М.",
	author = "Морозов, Д. Н. and Люпа, А. А.",
	booktitle = "{Труды 55-й научной конференции МФТИ. Управление и прикладная математика}",
	language = "russian",
	pages = "18–19",
	publisher = "МФТИ",
	title = "{Решение задач фильтрации на гибридных суперкомпьютерах}",
	volume = "2",
	year = "2011"
}

@book{Kanevskaya,
	address = "Москва-Ижевск",
	author = "Каневская, Р. Д.",
	language = "russian",
	pages = "127",
	publisher = "Институт компьютерных исследований",
	title = "{Математическое моделирование гидродинамических процессов разработки месторождений углеводородов}",
	year = "2003"
}

@book{Chetverushkin,
	address = "М.",
	author = "Четверушкин, Б. Н.",
	language = "russian",
	pages = "332",
	publisher = "Макс-пресс",
	title = "{Кинетические схемы и квазигазодинамическая система уравнений}",
	year = "2004"
}

@book{Aziz-Settari,
	address = "М.",
	author = "Азиз, Х. and Сеттари, Э.",
	language = "russian",
	pages = "407",
	publisher = "Недра",
	title = "{Математическое моделирование пластовых систем}",
	year = "1982"
}

@book{Basniev,
	address = "М.",
	author = "Басниев, К. С. and Кочина, И. Н. and Максимов, В. М.",
	language = "russian",
	pages = "416",
	publisher = "Недра",
	title = "{Подземная гидромеханика}",
	year = "1993"
}

@article{Trapeznikova,
	author = "Трапезникова, М. А. and Белоцерковская, М. С. and Четверушкин, Б. Н.",
	journal = "Математическое моделирование",
	language = "russian",
	number = "10",
	pages = "69–78",
	title = "{Аналог кинетически-согласованных схем для моделирования задач фильтрации}",
	volume = "14",
	year = "2002"
}

@article{Chetverushkin-MSS,
	author = "Четверушкин, Б. Н.",
	journal = "Время, хаос, математические проблемы",
	language = "russian",
	pages = "75–96",
	publisher = "Издательство МГУ",
	title = "{К вопросу об ограничении снизу на масштабы в механике сплошной среды}",
	volume = "4",
	year = "2009"
}

@article{Chetverushkin-Barselona,
	author = "Chetverushkin, B. N.",
	journal = "CIMNE, Barselona",
	pages = "298",
	title = "{Kinetic-schemes and quasi-gasadynamic system of equation}",
	year = "2008"
}

@book{Boreskov,
	address = "М.",
	author = "Боресков, А. В. and Харламов, А. А.",
	pages = "232",
	publisher = "ДМК-Пресс",
	title = "{Основы работы с технологией CUDA}",
	year = "2010"
}

@book{Kalitkin,
	address = "СПб",
	author = "Калиткин, Н. Н.",
	language = "russian",
	pages = "592",
	publisher = "СПб, БХВ - Петербург",
	title = "{Численные методы}",
	year = "2011"
}

@article{Parker,
	author = "Parker, J. C. and Lenhard, R.J. and Kuppusami, T.",
	journal = "Water Resources Research",
	number = "4",
	pages = "618–624",
	title = "{A parametric model for constitutive properties governing multiphase flow in porous media }",
	volume = "23",
	year = "1987"
}

@article{Genuchten,
	author = "{Van Genuchten}, M. T.",
	journal = "Soil Sci. Soc. Am. J.",
	pages = "892–898",
	title = "{A closed-form equation for predicting the hydraulic conductivity of unsatu- rated soils }",
	volume = "44",
	year = "1980"
}

@article{Isupov,
	author = "Исупов, Н.В. and Трапезникова, М. А. and Чурбанова, Н. Г. and Шильников, Е. В.",
	journal = "Математическое моделирование",
	language = "russian",
	number = "6",
	pages = "84–98",
	title = "{Моделирование просачивания многофазных жидкостей в слоистой пористой среде}",
	volume = "22",
	year = "2010"
}

@article{Mathmod-2010,
	author = "Четверушкин, Б. Н. and Морозов, Д. Н. and Трапезникова, М. А. and Чурбанова, Н. Г. and Шильников, Е. В.",
	journal = "Математическое моделирование",
	number = "4",
	pages = "99–109",
	title = "{Об одной схеме для решения задач фильтрации}",
	volume = "22",
	year = "2010"
}

@article{Mathmod-2011,
	author = "Морозов, Д. Н. and Трапезникова, М. А. and Четверушкин, Б. Н. and Чурбанова, Н. Г.",
	journal = "Математическое моделирование",
	number = "7",
	pages = "52–60",
	title = "{Использование явных схем для моделирования процесса двухфазной фильтрации}",
	volume = "23",
	year = "2011"
}

@article{Chetverushkin-Mathmod,
	author = "Четверушкин, Б. Н. and Дородницын, Л. В.",
	journal = "Математическое моделирование",
	number = "5",
	pages = "84–100",
	title = "{Кинетически-согласованные схемы в газовой динамике}",
	volume = "11",
	year = "1999"
}

@article{Mathmod-2014,
	author = "Люпа, А. А. and Морозов, Д. Н. and Трапезникова, М. А. and Четверушкин, Б. Н. and Чурбанова, Н. Г.",
	journal = "Математическое моделирование",
	number = "4",
	pages = "33–43",
	title = "{Моделирование трехфазной фильтрации явными методами на гибридных вычислительных системах}",
	volume = "26",
	year = "2014"
}

@inproceedings{MIPT-55,
	address = "М.",
	author = "Люпа, А. А. and Морозов, Д. Н.",
	booktitle = "{Труды 55-й научной конференции МФТИ. Управление и прикладная математика}",
	pages = "78–80",
	publisher = "МФТИ",
	title = "{Алгоритм эффективного использования вычислительных мощностей гибридного кластера на примере задач фильтрации}",
	volume = "2",
	year = "2012"
}

@book{Yakobovsky,
	address = "М.",
	author = "Якобовский, М. В.",
	pages = "118",
	publisher = {МГТУ <<Станкин>>},
	title = "{Распределенные системы и сети}",
	year = "2000"
}

