@comment{x-kbibtex-encoding=utf-8}

@comment{x-kbibtex-personnameformatting=<%l><, %f>}

@inproceedings{MIPT-54,
	address = "М.",
	author = "Морозов, Д. Н. and Люпа, А. А.",
	booktitle = "{Труды 54-й научной конференции МФТИ. Управление и прикладная математика}",
	language = "russian",
	pages = "18–19",
	publisher = "МФТИ",
	title = "{Решение задач фильтрации на гибридных суперкомпьютерах}",
	volume = "2",
	year = "2011"
}

@inproceedings{MIPT-55,
	address = "М.",
	author = "Люпа, А. А. and Морозов, Д. Н.",
	booktitle = "{Труды 55-й научной конференции МФТИ. Управление и прикладная математика}",
	pages = "78–80",
	publisher = "МФТИ",
	title = "{Алгоритм эффективного использования вычислительных мощностей гибридного кластера на примере задач фильтрации}",
	volume = "2",
	year = "2012"
}

@inproceedings{Pareng-2013,
	address = "Stirlingshire, UK",
	author = "Morozov, D. N. and Lyupa, A. A. and Churbanova, N. G. and Trapeznikova, M. A.",
	booktitle = "{Proceedings of the Third International Conference on Parallel, Distributed, Grid and Cloud Computing for Engineering}",
	edition = "Paper 28",
	language = "english",
	publisher = "Civil-Comp Press",
	title = "{Application of Explicit Schemes for the Simulation of the Two and Three Phase Filtration}",
	year = "2013"
}

@incollection{CSE,
	author = "Trapeznikova, M. A. and Churbanova, N. G. and Lyupa, A. A. and Morozov, D. N.",
	booktitle = "{Parallel Computing: Accelerating Computational Science and Engineering (CSE)}",
	language = "english",
	pages = "324–333",
	publisher = "IOS Press",
	series = "{Advances in Parallel Computing}",
	title = "{Simulation of Multiphase Flows in the Subsurface on GPU-based Supercomputers}",
	volume = "25",
	year = "2014"
}

@article{Mathmod-2014,
	author = "Люпа, А. А. and Морозов, Д. Н. and Трапезникова, М. А. and Четверушкин, Б. Н. and Чурбанова, Н. Г.",
	journal = "Математическое моделирование",
	number = "4",
	pages = "33–43",
	title = "{Моделирование трехфазной фильтрации явными методами на гибридных вычислительных системах}",
	volume = "26",
	year = "2014"
}

