@comment{x-kbibtex-encoding=utf-8}

@comment{x-kbibtex-personnameformatting=<%l><, %f>}

@book{Kanevskaya,
	address = "Москва-Ижевск",
	author = "Каневская, Р. Д.",
	language = "russian",
	pages = "127",
	publisher = "Институт компьютерных исследований",
	title = "{Математическое моделирование гидродинамических процессов разработки месторождений углеводородов}",
	year = "2003"
}

@book{Chetverushkin,
	address = "М.",
	author = "Четверушкин, Б. Н.",
	language = "russian",
	pages = "332",
	publisher = "Макс-пресс",
	title = "{Кинетические схемы и квазигазодинамическая система уравнений}",
	year = "2004"
}

@book{Aziz-Settari,
	address = "М.",
	author = "Азиз, Х. and Сеттари, Э.",
	language = "russian",
	pages = "407",
	publisher = "Недра",
	title = "{Математическое моделирование пластовых систем}",
	year = "1982"
}

@book{Basniev,
	address = "М.",
	author = "Басниев, К. С. and Кочина, И. Н. and Максимов, В. М.",
	language = "russian",
	pages = "416",
	publisher = "Недра",
	title = "{Подземная гидромеханика}",
	year = "1993"
}

@article{Chetverushkin-MSS,
	author = "Четверушкин, Б. Н.",
	journal = "Время, хаос, математические проблемы",
	language = "russian",
	pages = "75–96",
	publisher = "Издательство МГУ",
	title = "{К вопросу об ограничении снизу на масштабы в механике сплошной среды}",
	volume = "4",
	year = "2009"
}

@article{Parker,
	author = "Parker, J. C. and Lenhard, R.J. and Kuppusami, T.",
	journal = "Water Resources Research",
	language = "english",
	number = "4",
	pages = "618–624",
	title = "{A parametric model for constitutive properties governing multiphase flow in porous media }",
	volume = "23",
	year = "1987"
}

@article{Genuchten,
	author = "{Van Genuchten}, M. T.",
	journal = "Soil Sci. Soc. Am. J.",
	language = "english",
	pages = "892–898",
	title = "{A closed-form equation for predicting the hydraulic conductivity of unsaturated soils }",
	volume = "44",
	year = "1980"
}

@book{Masket,
	address = "Москва - Ижевск",
	author = "Маскет, М.",
	pages = "628",
	publisher = "НИЦ Регулярная и хаотическая динамика",
	title = "{Течение однородных жидкостей в пористой среде}",
	year = "2004"
}

@book{Schelkachev,
	address = "Москва - Ижевск",
	author = "Щелкачев, В. Н. and Лапук, Б. Б.",
	pages = "736",
	publisher = "НИЦ Регулярная и хаотическая динамика",
	title = "{Подземная гидравлика}",
	year = "2001"
}

@book{Leybenzon,
	address = "Москва - Ленинград",
	author = "Лейбензон, Л. С.",
	pages = "244",
	publisher = "Государственное издательство технико-теоретической литературы",
	title = "{Движение природных жидкостей и газов в пористой среде}",
	year = "1947"
}

@book{Pirverdyan,
	address = "Москва - Ижевск",
	author = "Пирвердян, А. М.",
	pages = "192",
	publisher = "Недра",
	title = "{Физика и гидравлика нефтяного пласта}",
	year = "1982"
}

@book{Zhukovskiy,
	address = "Москва - Ленинград",
	author = "Жуковский, Н. Е.",
	pages = "765",
	publisher = "Государственное издательство технико-теоретической литературы",
	title = "{Собрание сочинений, Том II, Гидродинамика}",
	year = "1949"
}

@book{Lapuk,
	address = "Москва - Ижевск",
	author = "Лапук, Б. Б.",
	pages = "296",
	publisher = "Институт компьютерных исследований",
	title = "{Теоретические основы разработки месторождений природных газов}",
	year = "2002"
}

@article{Shifrin,
	address = "Москва",
	author = "Шифрин, Э. Г. and Гусев, Н. А.",
	journal = "Доклады академии наук",
	number = "5",
	pages = "1–5",
	title = "{Уравнения фильтрации и закон Дарси}",
	volume = "435",
	year = "2010"
}

@book{Bahvalov,
	address = "Москва",
	author = "Бахвалов, Н. С. and Панасенко, Г. П.",
	pages = "352",
	publisher = "Издательство Наука",
	title = "{Осреднение процессов в периодических средах}",
	year = "1984"
}

@book{MatMod,
	address = "Москва",
	author = "Самарский, А. А. and Михайлов, А. П.",
	pages = "320",
	publisher = "ФИЗМАТЛИТ",
	title = "{Математическое моделирование: Идеи. Методы. Примеры}",
	year = "2002"
}

@book{Polubarinova,
	address = "Москва",
	author = "Полубаринова-Кочина, П. Я.",
	pages = "664",
	publisher = "Государственное издательство технико-теоретической литературы",
	title = "{Теория движения грунтовых вод}",
	year = "1952"
}

@book{Nigmatulin,
	address = "Москва",
	author = "Нигматулин, Р. И.",
	pages = "336",
	publisher = "Издательство Наука",
	title = "{Основы механики гетерогенных сред}",
	year = "1978"
}

@book{Nigmatulin1,
	address = "Москва",
	author = "Нигматулин, Р. И.",
	pages = "464",
	publisher = "Издательство Наука",
	title = "{Динамика многофазных сред. Часть 1}",
	year = "1987"
}

@book{Collins,
	address = "Москва",
	author = "Коллинз, Р.",
	pages = "350",
	publisher = "Издательство Мир",
	title = "{Течения жидкостей через пористые материалы}",
	year = "1964"
}

