@comment{x-kbibtex-encoding=utf-8}

@comment{x-kbibtex-personnameformatting=<%l><, %f>}

@book{Kanevskaya,
	address = "М.",
	author = "Каневская, Р. Д.",
	language = "russian",
	pages = "127",
	publisher = "Институт компьютерных исследований",
	title = "{Математическое моделирование гидродинамических процессов разработки месторождений углеводородов}",
	year = "2003"
}

@book{Aziz-Settari,
	address = "М.",
	author = "Азиз, Х. and Сеттари, Э.",
	language = "russian",
	pages = "407",
	publisher = "Недра",
	title = "{Математическое моделирование пластовых систем}",
	year = "1982"
}

@book{Basniev,
	address = "М.",
	author = "Басниев, К. С. and Кочина, И. Н. and Максимов, В. М.",
	language = "russian",
	pages = "416",
	publisher = "Недра",
	title = "{Подземная гидромеханика}",
	year = "1993"
}

@book{Hasanov,
	author = "Хасанов, М. М. and Булгакова, Г. Т.",
	isbn = "5-93972-220-2",
	location = "М.",
	pages = "288",
	publisher = "Институт компьютерных исследований",
	title = "{Нелинейные и неравновесные эффекты в реологически сложных средах}",
	year = "2003"
}

@book{Peaceman,
	author = "Peaceman, D. W.",
	isbn = "0-444-41578-5",
	booklanguage = "english",
	language = "english",
	location = "Amsterdam - Oxford - New York",
	pages = "176",
	publisher = "Elsevier",
	title = "{Fundamentals of numerical reservoir simulation}",
	year = "1977"
}

